@Book{daigneau,
 author = 	 {Robert Daigneau},
 title = 	 {Service Design Patterns: Fundamental Design Solutions for SOAP/WSDL and RESTful Web Services},
 publisher = 	 {Addison-Wesley},
 year = 	 {2011}
}

@Online{oasis,
	author = {OASIS},
	title = {The OASIS Reference Model for Service Oriented Architecture 1.0},
	YEAR = {2006},
	note = {Accessada JAN. 2016},
	url = {http://docs.oasis-open.org/soa-rm/v1.0/soa-rm.pdf}
}

@InCollection{newcomer,
	author = 	 {Eric Newcomer and Greg Lomow},
	title = 	 {Understanding SOA with Web Services},
	publisher =    {Pearson Education},
	year = 	 {2005}
}

@Online{gartner,
	author = {Gartner Group},
	title = {Service-Oriented Architecture (SOA)},
	note = {Accessada JAN. 2016},
	url = {http://www.gartner.com/it-glossary/service-oriented-architecture-soa}
}

@Book{erl_principio,
	author = 	 {Thomas Erl},
	title = 	 {SOA: Principios de design de serviços},
	publisher = 	 {Prentice hall Brasil},
	year = 	 {2009}
}

@Book{erl_padroes,
	author = 	 {Thomas Erl},
	title = 	 {SOA: Design Patterns},
	publisher = 	 {Prentice hall},
	year = 	 {2008}
}

%apenas pesquisado
@Online{dev1,
	author = {Bento Rafael Siqueira},
	title = {Introdução a Arquitetura orientada a serviços (SOA)},
	note = {Accessada JAN. 2016},
	url = {http://www.devmedia.com.br/introducao-a-arquitetura-orientada-a-servicos-soa-revista-engenharia-de-software-magazine-56/27260#ixzz3yLlrGPRg}
}

@Online{dev2,
	author = {Edson Mendes De Oliveira},
	title = {Vantagens e Desvantagens de SOA},
	note = {Accessada JAN. 2016},
	url = {http://www.devmedia.com.br/vantagens-e-desvantagens-de-soa/27437#ixzz3yLoC9pE5}
}

@Online{baccaro,
	author = {Marco Baccaro},
	title = {8 Princípios de Design para SOA},
	YEAR = {2013},
	note = {Accessada JAN. 2016},
	url = {https://marcobaccaro.wordpress.com/2013/11/29/8-principios-de-design-para-soa/},
}

@Online{wiki,
	title = {Service-oriented architecture},
	note = {Accessada JAN. 2016},
	url = {https://pt.wikipedia.org/wiki/Service-oriented_architecture}
}

@Online{soa_patterns,
	title = {SOA Design Patterns and Design Principles},
	note = {Accessada JAN. 2016},
	url = {http://soapatterns.org/introduction}
}